%%
%% To add a new bibliographic item under emacs, type M-x bib TAB TAB.
%% This will give you a list of possible entry types.  Click on the one
%% you want using the middle mouse button to get a clean entry.
%%
%% The optional fields have OPT in front of them: delete the OPT if you
%% fill in the field.
%%
%% Use double curly brackets {{}} when you want to maintain your own
%% capitalisation, otherwise bibtex will follow its own rules.
%%

@Book{campbell16,
  author = 	 {Jordan Campbell},
  title = 	 {{How to do Anything}},
  publisher = 	 {{Non-existent Publishers}},
  year = 	 {2016},
  OPTkey = 	 {},
  OPTeditor = 	 {},
  OPTvolume = 	 {},
  OPTnumber = 	 {},
  OPTseries = 	 {},
  address = 	 {Dunedin, New Zealand},
  OPTedition = 	 {},
  OPTmonth = 	 {},
  OPTnote = 	 {},
  OPTannote = 	 {}
}

